@inproceedings{LevyOrIACAS24,
  author    = {Ohad Levy-Or and Vadim Indelman},
  title     = {Novel Class of Expected Value Bounds and Applications in Belief Space Planning},
  booktitle = {Israel Annual Converence On Aerospace Sciences (IACAS)},
  year      = {2024}
}


@inproceedings{LevyOrTRO24,
  author    = {Ohad Levy-Or and Vadim Indelman},
  title     = {Novel Class of Expected Value Bounds and Applications in Belief Space Planning},
  booktitle = {{IEEE} Trans. Robotics},
  year      = {2024},
  note      = {To be submitted}
}
